@inproceedings{rehurek_lrec,
      title = {{Software Framework for Topic Modelling with Large Corpora}},
      author = {Radim {\v R}eh{\r u}{\v r}ek and Petr Sojka},
      booktitle = {{Proceedings of the LREC 2010 Workshop on New Challenges for NLP Frameworks}},
      pages = {45--50},
      year = 2010,
      month = May,
      day = 22,
      publisher = {ELRA},
      address = {Valletta, Malta},
      note={\url{http://is.muni.cz/publication/884893/en}},
      language={English}
}

@misc{conda_forge_community_2015_4774216,
  author       = {conda-forge community},
  title        = {{The conda-forge Project: Community-based Software
       Distribution Built on the conda Package Format and
       Ecosystem}},
  month        = jul,
  year         = 2015,
  publisher    = {Zenodo},
  doi          = {10.5281/zenodo.4774216},
  url          = {https://doi.org/10.5281/zenodo.4774216}
}

@Misc{Yadan2019Hydra,
  author =       {Omry Yadan},
  title =        {Hydra - A framework for elegantly configuring complex applications},
  howpublished = {Github},
  year =         {2019},
  url =          {https://github.com/facebookresearch/hydra}
}

 @misc{the stanford question answering dataset,
  author = {Pranav Rajpurkar},
  title={Squad2.0},
  url={https://rajpurkar.github.io/SQuAD-explorer/},
  journal={The Stanford Question Answering Dataset}
 }
